@book{calculusOfComputation,
  author       = {Aaron R. Bradley and Zohar Manna},
  title        = {The Calculus of Computation: Decision Procedures with Applications to Verification},
  year         = {2007},
  publisher    = {Springer Berlin, Heidelberg},
  doi          = {10.1007/978-3-540-74113-8},
  isbn         = {978-3-540-74112-1},
  edition      = {1},
  pages        = {XVI, 366},
  address      = {Berlin, Heidelberg},
  note         = {eBook ISBN: 978-3-540-74113-8},
}

@article{simplify,
author = {Detlefs, David and Nelson, Greg and Saxe, James},
year = {2003},
month = {09},
pages = {},
title = {Simplify: A Theorem Prover for Program Checking},
volume = {52},
journal = {Journal of the ACM},
doi = {10.1145/1066100.1066102}
}